@Book{xie2015,
  title = {Dynamic Documents with {R} and knitr},
  author = {Yihui Xie},
  publisher = {Chapman and Hall/CRC},
  address = {Boca Raton, Florida},
  year = {2015},
  edition = {2nd},
  note = {ISBN 978-1498716963},
  url = {http://yihui.org/knitr/},
}

@Manual{oswald2020,
  title = {Introduction to Econometrics with R},
  author = {Florian Oswald and Vincent Viers and Pierre Villedieu and Gustave Kennedi},
  organization = {SciencesPo Department of Economics},
  address = {Paris, France},
  year = {2020},
  url = {https://scpoecon.github.io/ScPoEconometrics/},
}

@Book{healy2019,
  title = {Data Visualization: A Practical Introduction},
  author = {Kieran Healy},
  publisher = {Princeton University Press},
  address = {Princeton},
  year = {2019},
  url = {socviz.co},
}